@book{cemgil2004bayesian,
  title={Bayesian music transcription},
  author={Cemgil, Ali Taylan},
  year={2004},
  publisher={[Sl: sn]}
}

@inproceedings{boulangerphone,
  title={Phone sequence modeling with recurrent neural networks},
  author={Boulanger-Lewandowski, Nicolas and Droppo, Jasha and Seltzer, Mike and Yu, Dong},
   booktitle={IEEE International Conference on Acoustics, Speech and Signal Processing (ICASSP)},
   year={2014},
   month={May},
   pages={5417--5421}
}

@inproceedings{boulanger2013high,
  title={High-dimensional sequence transduction},
  author={Boulanger-Lewandowski, Nicolas and Bengio, Yoshua and Vincent, Pascal},
  booktitle={IEEE International Conference on Acoustics, Speech and Signal Processing (ICASSP)},
  pages={3178--3182},
  year={2013},
  organization={IEEE}
}

@inproceedings{sigtiarnn,
  title={AN {RNN}-BASED MUSIC LANGUAGE MODEL FOR IMPROVING AUTOMATIC MUSIC TRANSCRIPTION},
  author={Sigtia, Siddharth and Benetos, Emmanouil and Cherla, Srikanth and Weyde, Tillman and Garcez, Artur S. dâ€™Avila and Dixon, Simon},
  booktitle={International Society for Music Information Retrieval Conference (ISMIR)},
  year = {2014}
}

@inproceedings{boulanger2012modeling,
  title={Modeling Temporal Dependencies in High-Dimensional Sequences: Application to Polyphonic Music Generation and Transcription},
  author={Boulanger-lewandowski, Nicolas and Bengio, Yoshua and Vincent, Pascal},
  booktitle={Proceedings of the 29th International Conference on Machine Learning (ICML)},
  pages={1159--1166},
  year={2012}
}

@article{schmidhuber1992learning,
  title={Learning complex, extended sequences using the principle of history compression},
  author={Schmidhuber, J{\"u}rgen},
  journal={Neural Computation},
  volume={4},
  number={2},
  pages={234--242},
  year={1992},
  publisher={MIT Press}
}

@inproceedings{Lafferty:2001:CRF:645530.655813,
 author = {Lafferty, John D. and McCallum, Andrew and Pereira, Fernando C. N.},
 title = {Conditional Random Fields: Probabilistic Models for Segmenting and Labeling Sequence Data},
 booktitle = {Proceedings of the Eighteenth International Conference on Machine Learning},
 series = {ICML '01},
 year = {2001},
 isbn = {1-55860-778-1},
 pages = {282--289},
 numpages = {8},
 url = {http://dl.acm.org/citation.cfm?id=645530.655813},
 acmid = {655813},
} 

@inproceedings{graves2012sequence,
  title={Sequence transduction with recurrent neural networks},
  author={Graves, Alex},
  booktitle={Representation Learning Workshop, ICML},
  year={2012}
}

@article{hinton2012deep,
  title={Deep neural networks for acoustic modeling in speech recognition: The shared views of four research groups},
  author={Hinton, Geoffrey and Deng, Li and Yu, Dong and Dahl, George E and Mohamed, Abdel-rahman and Jaitly, Navdeep and Senior, Andrew and Vanhoucke, Vincent and Nguyen, Patrick and Sainath, Tara N and others},
  journal={IEEE Signal Processing Magazine},
  volume={29},
  number={6},
  pages={82--97},
  year={2012},
  publisher={IEEE}
}

@inproceedings{nam2011classification,
  title={A Classification-Based Polyphonic Piano Transcription Approach Using Learned Feature Representations.},
  author={Nam, Juhan and Ngiam, Jiquan and Lee, Honglak and Slaney, Malcolm},
  booktitle={International Society for Music Information Retrieval Conference (ISMIR)},
  pages={175--180},
  year={2011}
}

@inproceedings{bock2012polyphonic,
  title={Polyphonic piano note transcription with recurrent neural networks},
  author={Bock, Sebastian and Schedl, Markus},
  booktitle={IEEE International Conference on Acoustics, Speech and Signal Processing (ICASSP)},
  pages={121--124},
  year={2012},
  organization={IEEE}
}

@article{emiya2010multipitch,
  title={Multipitch estimation of piano sounds using a new probabilistic spectral smoothness principle},
  author={Emiya, Valentin and Badeau, Roland and David, Bertrand},
  journal={IEEE Transactions on Audio, Speech, and Language Processing},
  volume={18},
  number={6},
  pages={1643--1654},
  year={2010},
  publisher={IEEE}
}

@inproceedings{goodfellow2009measuring,
  title={Measuring invariances in deep networks},
  author={Goodfellow, Ian and Lee, Honglak and Le, Quoc V and Saxe, Andrew and Ng, Andrew Y},
  booktitle={Advances in Neural Information Processing Systems (NIPS)},
  pages={646--654},
  year={2009}
}

@inproceedings{bay2009evaluation,
  title={Evaluation of Multiple-{F0} Estimation and Tracking Systems.},
  author={Bay, Mert and Ehmann, Andreas F and Downie, J Stephen},
  booktitle={International Society for Music Information Retrieval Conference (ISMIR)},
  pages={315--320},
  year={2009}
}

@article{poliner2006discriminative,
  title={A discriminative model for polyphonic piano transcription},
  author={Poliner, Graham E and Ellis, Daniel PW},
  journal={EURASIP Journal on Advances in Signal Processing},
  volume={2007},
  year={2007},
  publisher={Hindawi Publishing Corporation}
}

@BOOK{Klapuri06book,
  editor =	 {Anssi Klapuri and Manuel Davy},
  title =	 {Signal Processing Methods for Music Transcription},
  publisher =	 {Springer-Verlag},
  address =	 {New York},
  year =	 {2006},
}

@INPROCEEDINGS{simsekli2013hierarchical,
author={Simsekli, Umut and Le Roux, Jonathan and Hershey, John R.},
booktitle={IEEE Workshop on Applications of Signal Processing to Audio and Acoustics (WASPAA)},
title={Hierarchical and coupled non-negative dynamical systems with application to audio modeling},
year={2013},
month={Oct}}

@ARTICLE{raczynski2013dynamic,
author={Raczynski, S.A and Vincent, E. and Sagayama, S.},
journal={IEEE Transactions on Audio, Speech, and Language Processing},
title={Dynamic Bayesian Networks for Symbolic Polyphonic Pitch Modeling},
year={2013},
month={Sept},
volume={21},
number={9},
pages={1830--1840}}

@inproceedings{Martens2011,
  title={Learning recurrent neural networks with {Hessian-free} optimization},
  author={J. Martens and I. Sutskever},
  booktitle={Proceedings of the 28th International Conference Machine on Learning (ICML)},
  pages={1033--1040},
  year={2011}
}

@article{RumelhartHintonWIlliams1986,
  author = {Rumelhart, D.E. and Hintont, G.E. and Williams, R.J.},
  journal = {Nature},
  keywords = {algorithm learning modeling neuralnetworks},
  pages = {533--536},
  title = {{Learning representations by back-propagating errors}},
  volume = 323,
  year = 1986
}
